%%%%%%%%%%%%%%
% other
%%%%%%%%%%%%%%
@article{Cochran-1962,
  title = {Dielectric constants and lattice vibrations },
  journal = {J. Phys. Chem. Solids},
  volume = {23},
  number = {5},
  pages = {447 - 450},
  year = {1962},
  issn = {0022-3697},
  author = {Cochran, W. and Cowley, R. A.}
}

@article{Pick-1970,
  title = {Microscopic Theory of Force Constants in the Adiabatic Approximation},
  author = {Pick, Robert M. and Cohen, Morrel H. and Martin, Richard M.},
  journal = {Phys. Rev. B},
  volume = {1},
  issue = {2},
  pages = {910--920},
  numpages = {0},
  year = {1970},
  month = {Jan},
  publisher = {American Physical Society},
  doi = {10.1103/PhysRevB.1.910},
}

@article{Giannozzi-1991,
  title = {Ab initio},
  author = {Giannozzi, Paolo and de Gironcoli, Stefano and Pavone, Pasquale and Baroni, Stefano},
  journal = {Phys. Rev. B},
  volume = {43},
  issue = {9},
  pages = {7231--7242},
  numpages = {0},
  year = {1991},
  month = {Mar},
  publisher = {American Physical Society},
  doi = {10.1103/PhysRevB.43.7231},
}
  	
@article{Wang-2010,
  author={Wang, Y and Wang, J. J. and Wang, W. Y. and Mei, Z. G. and Shang, S. L. and Chen, L. Q. and Liu, Z. K.},
  title={A mixed-space approach to first-principles calculations of phonon frequencies for polar materials},
  journal={J. Phys.: Condens. Matter},
  volume={22},
  number={20},
  pages={202201},
  year={2010},
}
  	
@article{Tadano-2014,
  author={Tadano, T and Gohda, Y and Tsuneyuki, S},
  title={Anharmonic force constants extracted from first-principles molecular dynamics: applications to heat transfer simulations},
  journal={J. Phys.: Condens. Matter},
  volume={26},
  number={22},
  pages={225402},
  year={2014},
}
  	
@article{MacDonald-tetrahedron-1979,
  author={MacDonald, A. H. and Vosko, S. H. and Coleridge, P. T.},
  title={Extensions of the tetrahedron method for evaluating spectral properties of solids},
  journal={Journal of Physics C: Solid State Physics},
  volume={12},
  number={15},
  pages={2991},
  year={1979},
}

@article{Blochl-tetrahedron-1994,
  title = {Improved tetrahedron method for Brillouin-zone integrations},
  author = {Bl\"ochl, Peter E. and Jepsen, O. and Andersen, O. K.},
  journal = {Phys. Rev. B},
  volume = {49},
  issue = {23},
  pages = {16223--16233},
  numpages = {0},
  year = {1994},
  month = {Jun},
  publisher = {American Physical Society},
  doi = {10.1103/PhysRevB.49.16223},
}


@article{Maradudin-1962,
  title = {Scattering of Neutrons by an Anharmonic Crystal},
  author = {Maradudin, A. A. and Fein, A. E.},
  journal = {Phys. Rev.},
  volume = {128},
  issue = {6},
  pages = {2589--2608},
  year = {1962},
  month = {Dec},
}

@article {Perdew-PBE-1996,
     Journal = {Phys. Rev. Lett.},
     Year = {1996},
     Title = {Generalized gradient approximation made simple},
     Author = {Perdew, J. P. and Burke, K and Ernzerhof, M},
     Pages = {3865--3868},
     Volume = {77},
     Issue = {18},
     Month = {Oct}
}

@article {VASP-Kresse-1999,
     Journal = {Phys. Rev. B},
     Year = {1999},
     Title = {From ultrasoft pseudopotentials to the projector augmented-wave method},
     Author = {Kresse, G and Joubert, D},
     Pages = {1758--1775},
     Volume = {59},
     Issue = {3},
     Month = {Jan}
}

@article {VASP-Kresse-1996,
     Journal = {Comput. Mater. Sci.},
     Year = {1996},
     Title = {Efficiency of ab-initio total energy calculations for metals and semiconductors using a plane-wave basis set},
     Author = {Kresse, G and Furthm\"{u}ller, J},
     Pages = {15--50},
     Volume = {6},
     Issue = {1},
     Month = {Jul}
}

@article {VASP-Kresse-1995,
     Journal = {J. Non-Cryst. Solids},
     Year = {1995},
     Title = {Ab-Initio Molecular-Dynamics For Liquid-Metals},
     Author = {Kresse, G},
     Pages = {222--229},
     Volume = {193},
     Month = {Dec}
}

@article{Gajdos-2006,
  title = {Linear optical properties in the projector-augmented wave methodology},
  author = {Gajdo\ifmmode \check{s}\else \v{s}\fi{}, M. and Hummer, K. and Kresse, G. and Furthm\"uller, J. and Bechstedt, F.},
  journal = {Phys. Rev. B},
  volume = {73},
  issue = {4},
  pages = {045112},
  numpages = {9},
  year = {2006},
  month = {Jan},
  publisher = {American Physical Society},
  doi = {10.1103/PhysRevB.73.045112},
}

@article{Wu-2005,
  title = {Systematic treatment of displacements, strains, and electric fields in density-functional perturbation theory},
  author = {Wu, Xifan and Vanderbilt, David and Hamann, D. R.},
  journal = {Phys. Rev. B},
  volume = {72},
  issue = {3},
  pages = {035105},
  numpages = {13},
  year = {2005},
  month = {Jul},
  publisher = {American Physical Society},
  doi = {10.1103/PhysRevB.72.035105},
}

@article {PAW-Blochl-1994,
     Journal = {Phys. Rev. B},
     Year = {1994},
     Title = {Projector Augmented-Wave Method},
     Author = {Bl\"{o}chl, P. E.},
     Pages = {17953--17979},
     Volume = {50},
     Issue = {24},
     Month = {Dec}
}

@article{Gonze-1997,
  title = {Dynamical matrices, Born effective charges, dielectric permittivity tensors, and interatomic force constants from density-functional perturbation theory},
  author = {Gonze, Xavier and Lee, Changyol},
  journal = {Phys. Rev. B},
  volume = {55},
  issue = {16},
  pages = {10355--10368},
  numpages = {0},
  year = {1997},
  month = {Apr},
  publisher = {American Physical Society},
  doi = {10.1103/PhysRevB.55.10355},
}

@misc {spglib-project,
     title = {SPGLIB},
     howpublished = "\url{http://spglib.sourceforge.net/}",
     Author = {Togo, A},
}

@Article{Monkhorst-Pack,
     Title = {Special Points For Brillouin-Zone Integrations},
     Author = {Monkhorst, Hendrik J. And Pack, James D.},
     Journal = {Phys. Rev. B},
     Volume = {13},
     Number = {12},
     Pages = {5188--5192},
     Numpages = {4},
     Year = {1976},
     Month = {Jun},
     Publisher = {American Physical Society}
}

@article {phonopy,
     Journal = {Phys. rev. B},
     Year = {2008},
     Title = {First-principles calculations of the ferroelastic transition between rutile-type and CaCl2-type SiO2 at high pressures},
     Author = {Togo, A and Oba, F and Tanaka, I},
     Keywords = {Augmented-Wave Method; Ab-Initio; Phase-Transition; Stishovite; Elasticity; Silica; Instabilities; Crystals; Minerals; Energy; },
     Pages = {134106},
     Volume = {78},
     Issue = {13},
     Month = {Oct}
}

@article{Aroyo-Bilbao-Crystal,
     Author = {Aroyo, Mois I. And Kirov, Asen And Capillas, Cesar And Perez-Mato, J. M. And Wondratschek, Hans},
     Title = {Bilbao Crystallographic Server. Ii. Representations Of Crystallographic Point Groups And Space Groups},
     Journal = {Acta Crystallogr. Sect. A},
     Year = {2006},
     Volume = {62},
     Number = {2},
     Pages = {115--128},
     Month = {Mar}
}

@article {Aroyo-Bilbao-Crystal-2,
     Journal = {Z. Kristallogr.},
     Year = {2006},
     Title = {Bilbao crystallographic server: I. Databases and crystallographic computing programs},
     Author = {Aroyo, M. I. and Perez-Mato, J. M. and Capillas, C and Kroumova, E and Ivantchev, S and Madariaga, G and Kirov, A and Wondratschek, H},
     Keywords = {GROUP SUBGROUP RELATIONS; SPACE-GROUPS; NORMALIZERS; Bilbao Crystallographic Server; space groups; group-subgroup relations; Wyckoff position splitting},
     Pages = {15--27},
     Volume = {221},
     Issue = {1}
}

@article{Laurent-phph-2011,
  title = {Phonon-phonon interactions in transition metals},
  author = {Chaput, Laurent and Togo, Atsushi and Tanaka, Isao and Hug, Gilles},
  journal = {Phys. Rev. B},
  volume = {84},
  issue = {9},
  pages = {094302},
  numpages = {6},
  year = {2011},
  month = {Sep},
  doi = {10.1103/PhysRevB.84.094302},
  publisher = {American Physical Society}
}

%%%%%%%%%%%%%%%%%%%%%%%%%%%%%%%%%%%%
% Thermal conductivity calculation %
%%%%%%%%%%%%%%%%%%%%%%%%%%%%%%%%%%%%

@article{Laurent-LBTE-2013,
  title = {Direct Solution to the Linearized Phonon Boltzmann Equation},
  author = {Chaput, Laurent},
  journal = {Phys. Rev. Lett.},
  volume = {110},
  issue = {26},
  pages = {265506},
  numpages = {5},
  year = {2013},
  month = {Jun},
  publisher = {American Physical Society},
  doi = {10.1103/PhysRevLett.110.265506},
}

@article{Broido-kappa-2007,
   author = "Broido, D. A. and Malorny, M. and Birner, G. and Mingo, Natalio and Stewart, D. A.",
   title = "Intrinsic lattice thermal conductivity of semiconductors from first principles",
   journal = "Applied Physics Letters",
   year = "2007",
   volume = "91",
   number = "23", 
   eid = 231922,
   pages = "-",
   doi = "http://dx.doi.org/10.1063/1.2822891" 
}

@article{Bonini-anharmonicity-2007,
  title = {Phonon Anharmonicities in Graphite and Graphene},
  author = {Bonini, Nicola and Lazzeri, Michele and Marzari, Nicola and Mauri, Francesco},
  journal = {Phys. Rev. Lett.},
  volume = {99},
  issue = {17},
  pages = {176802},
  numpages = {4},
  year = {2007},
  month = {Oct},
  publisher = {American Physical Society},
  doi = {10.1103/PhysRevLett.99.176802},
}

@article{Ward-kappa-2008,
  title = {Intrinsic lattice thermal conductivity of Si/Ge and GaAs/AlAs superlattices},
  author = {Ward, A. and Broido, D. A.},
  journal = {Phys. Rev. B},
  volume = {77},
  issue = {24},
  pages = {245328},
  numpages = {7},
  year = {2008},
  month = {Jun},
  publisher = {American Physical Society},
  doi = {10.1103/PhysRevB.77.245328},
  url = {http://link.aps.org/doi/10.1103/PhysRevB.77.245328}
}

@article{Ward-kappa-2009,
  title = {Ab initio theory of the lattice thermal conductivity in diamond},
  author = {Ward, A. and Broido, D. A. and Stewart, Derek A. and Deinzer, G.},
  journal = {Phys. Rev. B},
  volume = {80},
  issue = {12},
  pages = {125203},
  numpages = {8},
  year = {2009},
  month = {Sep},
  publisher = {American Physical Society},
  doi = {10.1103/PhysRevB.80.125203},
}

@article{Ward-kappa-2010,
  title = {Intrinsic phonon relaxation times from first-principles studies of the thermal conductivities of Si and Ge},
  author = {Ward, A. and Broido, D. A.},
  journal = {Phys. Rev. B},
  volume = {81},
  issue = {8},
  pages = {085205},
  numpages = {5},
  year = {2010},
  month = {Feb},
  publisher = {American Physical Society},
  doi = {10.1103/PhysRevB.81.085205},
}

@article{Esfarjani-kappa-2011,
  title = {Heat transport in silicon from first-principles calculations},
  author = {Esfarjani, Keivan and Chen, Gang and Stokes, Harold T.},
  journal = {Phys. Rev. B},
  volume = {84},
  issue = {8},
  pages = {085204},
  numpages = {11},
  year = {2011},
  month = {Aug},
  publisher = {American Physical Society},
  doi = {10.1103/PhysRevB.84.085204},
}

@article{Shiomi-kappa-2011,
  title = {Thermal conductivity of half-Heusler compounds from first-principles calculations},
  author = {Shiomi, Junichiro and Esfarjani, Keivan and Chen, Gang},
  journal = {Phys. Rev. B},
  volume = {84},
  issue = {10},
  pages = {104302},
  numpages = {9},
  year = {2011},
  month = {Sep},
  publisher = {American Physical Society},
  doi = {10.1103/PhysRevB.84.104302},
}

@article{Tian-kappa-2012,
  title = {Phonon conduction in PbSe, PbTe, and PbTe1-xSex from first-principles calculations},
  author = {Tian, Zhiting and Garg, Jivtesh and Esfarjani, Keivan and Shiga, Takuma and Shiomi, Junichiro and Chen, Gang},
  journal = {Phys. Rev. B},
  volume = {85},
  issue = {18},
  pages = {184303},
  numpages = {7},
  year = {2012},
  month = {May},
  publisher = {American Physical Society},
  doi = {10.1103/PhysRevB.85.184303},
}

@article{Shiga-kappa-2012,
  title = {Microscopic mechanism of low thermal conductivity in lead telluride},
  author = {Shiga, Takuma and Shiomi, Junichiro and Ma, Jie and Delaire, Olivier and Radzynski, Tomasz and Lusakowski, Andrzej and Esfarjani, Keivan and Chen, Gang},
  journal = {Phys. Rev. B},
  volume = {85},
  issue = {15},
  pages = {155203},
  numpages = {5},
  year = {2012},
  month = {Apr},
  publisher = {American Physical Society},
  doi = {10.1103/PhysRevB.85.155203},
}

@article{Lindsay-kappa-2012,
  title = {Thermal Conductivity and Large Isotope Effect in GaN from First Principles},
  author = {Lindsay, L. and Broido, D. A. and Reinecke, T. L.},
  journal = {Phys. Rev. Lett.},
  volume = {109},
  issue = {9},
  pages = {095901},
  numpages = {5},
  year = {2012},
  month = {Aug},
  publisher = {American Physical Society},
  doi = {10.1103/PhysRevLett.109.095901},
}

@article{Lindsay-kappa-2013-1,
  title = {Ab initio thermal transport in compound semiconductors},
  author = {Lindsay, L. and Broido, D. A. and Reinecke, T. L.},
  journal = {Phys. Rev. B},
  volume = {87},
  issue = {16},
  pages = {165201},
  numpages = {15},
  year = {2013},
  month = {Apr},
  publisher = {American Physical Society},
  doi = {10.1103/PhysRevB.87.165201},
}

@article{Lindsay-kappa-2013-2,
  title = {Phonon-isotope scattering and thermal conductivity in materials with a large isotope effect: A first-principles study},
  author = {Lindsay, L. and Broido, D. A. and Reinecke, T. L.},
  journal = {Phys. Rev. B},
  volume = {88},
  issue = {14},
  pages = {144306},
  numpages = {9},
  year = {2013},
  month = {Oct},
  publisher = {American Physical Society},
  doi = {10.1103/PhysRevB.88.144306},
}

@article{Lindsay-kappa-2013-3,
  title = {First-Principles Determination of Ultrahigh Thermal Conductivity of Boron Arsenide: A Competitor for Diamond?},
  author = {Lindsay, L. and Broido, D. A. and Reinecke, T. L.},
  journal = {Phys. Rev. Lett.},
  volume = {111},
  issue = {2},
  pages = {025901},
  numpages = {5},
  year = {2013},
  month = {Jul},
  publisher = {American Physical Society},
  doi = {10.1103/PhysRevLett.111.025901},
}

@article{Tamura-isotope-lifetime-1983,
  title = {Isotope scattering of dispersive phonons in Ge},
  author = {Tamura, Shin-ichiro},
  journal = {Phys. Rev. B},
  volume = {27},
  issue = {2},
  pages = {858--866},
  numpages = {0},
  year = {1983},
  month = {Jan},
  publisher = {American Physical Society},
  doi = {10.1103/PhysRevB.27.858},
}

@article{Laeter-natunal-abundance-2003,
  author = {de Laeter, J. R. and B\"{o}hlke, J. K. and De Bi\`{e}vre, P and Hidaka, H and Peiser, H. S. and Rosman, K. J. R. and Taylor, P. D. P.},
  title = {Atomic weights of the elements: Review 2000 - (IUPAC technical report)},
  Journal = {Pure Appl. Chem.},
  Year = {2003},
  Volume = {75},
  Number = {6},
  Pages = {683-800},
  Month = {JUN},
  Publisher = {INT UNION PURE APPLIED CHEMISTRY},
  DOI = {10.1351/pac200375060683},
}

@article{Steigmeier-kappas-1966,
  title = {Acoustical-Optical Phonon Scattering in Ge, Si, and III-V Compounds},
  author = {Steigmeier, E. F. and Kudman, I.},
  journal = {Phys. Rev.},
  volume = {141},
  issue = {2},
  pages = {767-774},
  numpages = {0},
  year = {1966},
  month = {Jan},
  publisher = {American Physical Society},
  doi = {10.1103/PhysRev.141.767},
}

@article{Goetz-AgI-1982,
  title = {The thermal conductivity of silver iodide},
  journal = {Solid State Communications},
  volume = {41},
  number = {4},
  pages = {293 - 295},
  year = {1982},
  note = {},
  issn = {0038-1098},
  doi = {10.1016/0038-1098(82)90377-5},
  author = {Goetz, M. C. and Cowen, J. A.},
}

@article{Hakansson-LiBr-RbF-1989,
  author={H\r{a}kansson, B. and Ross, R. G.},
  title={Thermal conductivity and heat capacity of solid LiBr and RbF under pressure},
  journal={J. Phys.: Condens. Matter},
  volume={1},
  number={25},
  pages={3977},
  year={1989},
}
	
@article{Gummow-KF-1987,
  author={Gummow, R. J. and Sigalas, I},
  title={The thermal conductivity and thermal diffusivity of KF as a function of pressure between 0 and 3.8 GPa},
  journal={J. Phys. C},
  volume={20},
  number={5},
  pages={L61},
  year={1987},
}

@article{Ross-AgCl-1981,
  year={1981},
  journal={Int. J. Thermophys.},
  volume={2},
  number={3},
  doi={10.1007/BF00504190},
  title={Thermal conductivity and heat capacity of solid AgCl under pressure},
  publisher={Kluwer Academic Publishers-Plenum Publishers},
  author={Ross, R.G. and Andersson, P. and B\"{a}ckstr\"{o}m, G.},
  pages={289-300},
}

@article{Ross-AgBr-1981,
  year={1981},
  journal={Int. J. Thermophys.},
  volume={2},
  number={4},
  doi={10.1007/BF00498764},
  title={Thermal conductivity and heat capacity of solid silver bromide (AgBr) under pressure},
  publisher={Kluwer Academic Publishers-Plenum Publishers},
  author={Ross, R.G. and Andersson, P.},
  pages={331-340},
}

@book{Physics-of-phonons,
     Author = {Srivastava, G. P.},
     title = {Physics of phonons},
     Publisher = {CRC Press},
     Year = {1990},
}

@book{Thermodynamics-of-crystals,
     Author = {Wallace, Duane C.},
     title = {Thermodynamics of crystals},
     Publisher = {Dover Publications},
     Year = {1998},
}

@book{High-thermal-conductivity-materials,
     Author = {Shin\'{e}, Subhash L. and Goela, Jitendra S.},
     title = {High thermal conductivity materials},
     Publisher = {Springer},
     Year = {2006},
}

@book{CRC10,
     Author = {Perry, Dale L.},
     title = {Handbook of Inorganic Compounds, Second Edition},
     Publisher = {CRC Press},
     Year = {2011},
}

@article{van-de-Walle-disorder-2002,
  title = {The effect of lattice vibrations on substitutional alloy thermodynamics},
  author = {van de Walle, A. and Ceder, G.},
  journal = {Rev. Mod. Phys.},
  volume = {74},
  issue = {1},
  pages = {11--45},
  numpages = {0},
  year = {2002},
  month = {Jan},
  publisher = {American Physical Society},
  doi = {10.1103/RevModPhys.74.11},
}

@article{Alam-disorder-2004,
  title = {Vibrational properties of phonons in random binary alloys: An augmented space recursive technique in the \textit{k} representation},
  author = {Alam, Aftab and Mookerjee, Abhijit},
  journal = {Phys. Rev. B},
  volume = {69},
  issue = {2},
  pages = {024205},
  numpages = {13},
  year = {2004},
  month = {Jan},
  publisher = {American Physical Society},
  doi = {10.1103/PhysRevB.69.024205},
}

@article{Alam-disorder-2005,
  title = {Inelastic neutron scattering in random binary alloys: An augmented space approach},
  author = {Alam, Aftab and Mookerjee, Abhijit},
  journal = {Phys. Rev. B},
  volume = {71},
  issue = {9},
  pages = {094210},
  numpages = {14},
  year = {2005},
  month = {Mar},
  publisher = {American Physical Society},
  doi = {10.1103/PhysRevB.71.094210},
}

@article{Alam-disorder-kappa-2005,
  title = {Lattice thermal conductivity of disordered binary alloys},
  author = {Alam, Aftab and Mookerjee, Abhijit},
  journal = {Phys. Rev. B},
  volume = {72},
  issue = {21},
  pages = {214207},
  numpages = {15},
  year = {2005},
  month = {Dec},
  publisher = {American Physical Society},
  doi = {10.1103/PhysRevB.72.214207},
}
